<record><leader>00000cas a22000007a 4500</leader><controlfield tag="001">1760636</controlfield><controlfield tag="008">751101d19501989mnuwr ne      0    0eng  </controlfield><datafield ind1=" " ind2=" " tag="010"><subfield code="a">sn 83016803 </subfield></datafield><datafield ind1=" " ind2=" " tag="040"><subfield code="a">DLC</subfield><subfield code="b">eng</subfield><subfield code="c">MUL</subfield><subfield code="d">DLC</subfield><subfield code="d">MN#</subfield><subfield code="d">DLC</subfield><subfield code="d">OCLCQ</subfield><subfield code="d">OCLCF</subfield><subfield code="d">OCLCO</subfield></datafield><datafield ind1=" " ind2=" " tag="042"><subfield code="a">msc</subfield></datafield><datafield ind1=" " ind2=" " tag="043"><subfield code="a">n-us-mn</subfield></datafield><datafield ind1="0" ind2="0" tag="050"><subfield code="a">Newspaper 8496</subfield></datafield><datafield ind1=" " ind2=" " tag="052"><subfield code="a">4144</subfield><subfield code="b">N33</subfield><subfield code="b">R6</subfield><subfield code="b">C9</subfield><subfield code="b">M5</subfield></datafield><datafield ind1=" " ind2=" " tag="052"><subfield code="a">4143</subfield><subfield code="b">H4</subfield></datafield><datafield ind1="0" ind2="0" tag="245"><subfield code="a">North Hennepin post.</subfield></datafield><datafield ind1=" " ind2=" " tag="260"><subfield code="a">Robbinsdale, Minn. :</subfield><subfield code="b">Post Pub. Co.,</subfield><subfield code="c">-1989.</subfield></datafield><datafield ind1=" " ind2=" " tag="300"><subfield code="a">v.</subfield></datafield><datafield ind1=" " ind2=" " tag="310"><subfield code="a">Weekly</subfield></datafield><datafield ind1="1" ind2=" " tag="362"><subfield code="a">Began in Aug. 1950.</subfield></datafield><datafield ind1="0" ind2=" " tag="362"><subfield code="a">-v. 76, no. 40 (Jan. 19, 1989).</subfield></datafield><datafield ind1=" " ind2=" " tag="500"><subfield code="a">Published at Crystal, Minn., Nov. 9, 1962-Mar. 2, 1967 ; at Minneapolis, Minn., Mar. 9, 1967-Nov. 13, 1986 ; at New Hope, Minn., Nov. 20, 1986-Jan. 19, 1989.</subfield></datafield><datafield ind1=" " ind2=" " tag="588"><subfield code="a">Description based on: Vol. 1, no. 2 (Aug. 12, 1950).</subfield></datafield><datafield ind1=" " ind2="0" tag="651"><subfield code="a">New Hope (Minn.)</subfield><subfield code="v">Newspapers.</subfield></datafield><datafield ind1=" " ind2="0" tag="651"><subfield code="a">Robbinsdale (Minn.)</subfield><subfield code="v">Newspapers.</subfield></datafield><datafield ind1=" " ind2="0" tag="651"><subfield code="a">Minneapolis (Minn.)</subfield><subfield code="v">Newspapers.</subfield></datafield><datafield ind1=" " ind2="7" tag="655"><subfield code="a">Newspapers.</subfield><subfield code="2">fast</subfield><subfield code="0">(OCoLC)fst01423814</subfield></datafield><datafield ind1=" " ind2="7" tag="651"><subfield code="a">Minnesota</subfield><subfield code="z">Minneapolis.</subfield><subfield code="2">fast</subfield><subfield code="0">(OCoLC)fst01204260</subfield></datafield><datafield ind1=" " ind2="7" tag="651"><subfield code="a">Minnesota</subfield><subfield code="z">New Hope.</subfield><subfield code="2">fast</subfield><subfield code="0">(OCoLC)fst01227778</subfield></datafield><datafield ind1=" " ind2="7" tag="651"><subfield code="a">Minnesota</subfield><subfield code="z">Robbinsdale.</subfield><subfield code="2">fast</subfield><subfield code="0">(OCoLC)fst01225953</subfield></datafield><datafield ind1=" " ind2=" " tag="752"><subfield code="a">United States</subfield><subfield code="b">Minnesota</subfield><subfield code="c">Hennepin</subfield><subfield code="d">New Hope.</subfield></datafield><datafield ind1=" " ind2=" " tag="752"><subfield code="a">United States</subfield><subfield code="b">Minnesota</subfield><subfield code="c">Hennepin</subfield><subfield code="d">Robbinsdale.</subfield></datafield><datafield ind1=" " ind2=" " tag="752"><subfield code="a">United States</subfield><subfield code="b">Minnesota</subfield><subfield code="c">Hennepin</subfield><subfield code="d">Minneapolis.</subfield></datafield><datafield ind1="0" ind2="5" tag="780"><subfield code="t">Robbinsdale post</subfield><subfield code="w">(DLC)sn 90006022</subfield></datafield><datafield ind1="0" ind2="0" tag="785"><subfield code="t">Crystal Robbinsdale postnews</subfield><subfield code="w">(DLC)sn 90060223</subfield></datafield></record>